@inproceedings{bangert_nail,
 author = {Bangert, Julian and Zeldovich, Nickolai},
 title = {{N}ail: {A} {P}ractical {T}ool for {P}arsing and {G}enerating {D}ata {F}ormats},
 booktitle = {OSDI},
 year = {2014},
} 

@inproceedings{wfq,
 author = {Demers, A. and Keshav, S. and Shenker, S.},
 title = {{A}nalysis and {S}imulation of a {F}air {Q}ueueing {A}lgorithm},
 booktitle = {SIGCOMM},
 year = {1989},
}

@inproceedings{vl2,
 author = {Greenberg, Albert and Hamilton, James R. and Jain, Navendu and Kandula, Srikanth and Kim, Changhoon and Lahiri, Parantap and Maltz, David A. and Patel, Parveen and Sengupta, Sudipta},
 title = {VL2: A Scalable and Flexible Data Center Network},
 booktitle = {SIGCOMM},
 year = {2009},
}

@inproceedings{dctcp,
  title="{Data Center TCP (DCTCP)}",
  author="Alizadeh, Mohammad and Greenberg, Albert and Maltz, David A and Padhye, Jitendra and Patel, Parveen and Prabhakar, Balaji and Sengupta, Sudipta and Sridharan, Murari",
  booktitle = {SIGCOMM},
  year={2010},
}

@misc{xpliant_sdk,
  title={Cavium XPliant Switches and Microsoft Azure Networking Achieve SAI Routing Interoperability},
  howpublished = "\url{http://www.cavium.com/newsevents-Cavium-XPliant-Switches-and-Microsoft-Azure-Networking-Achieve-SAI-Routing-Interoperability.html}",
}

@misc{xpliant_sdk2,
  title={Cavium and XPliant Introduce a Fully Programmable Switch Silicon Family Scaling to 3.2 Terabits per Second},
  howpublished = "\url{http://www.cavium.com/newsevents-Cavium-and-XPliant-Introduce-a-Fully-Programmable-Switch-Silicon-Family.html}",
}

@misc{intel_sdk,
  title= {Hardware: Roving Reporter: Reference Platforms ... | Embedded Community},
  howpublished = "\url{https://embedded.communities.intel.com/community/en/hardware/blog/2013/06/03/roving-reporter-reference-platforms-for-sdn-and-nfv}",
}

@ARTICLE{px, 
author={Brebner, G. and Weirong Jiang}, 
journal={Micro, IEEE}, 
title={{H}igh-{S}peed {P}acket {P}rocessing using {R}econfigurable {C}omputing}, 
year={2014}, 
month={Jan}, 
volume={34}, 
number={1}, 
pages={8-18}, 
keywords={field programmable gate arrays;firmware;object-oriented methods;reconfigurable architectures;FPGA technology;PX;customized computing architecture;declarative language;domain-specific packet-processing language;dynamical programmability;firmware updates;high-performance reconfigurable-computing architectures;high-speed packet processing;object-oriented semantics;packet-processing system;tool chain;Computer architecture;Computer languages;Data communication;Field programmable gate arrays;Packet switching;Program processors;Reconfigurable architectures;OpenFlow;PX;data communications;declarative language;domain-specific architectures;packet processing;programming environments;reconfigurable hardware}, 
doi={10.1109/MM.2014.19}, 
ISSN={0272-1732},}

@article{p4,
 author = {Bosshart, Pat and Daly, Dan and Gibb, Glen and Izzard, Martin and McKeown, Nick and Rexford, Jennifer and Schlesinger, Cole and Talayco, Dan and Vahdat, Amin and Varghese, George and Walker, David},
 title = {{P4}: {P}rogramming {P}rotocol-independent {P}acket {P}rocessors},
 journal = {SIGCOMM Comput. Commun. Rev.},
 issue_date = {July 2014},
 volume = {44},
 number = {3},
 month = jul,
 year = {2014},
 issn = {0146-4833},
 pages = {87--95},
 numpages = {9},
 url = {http://doi.acm.org/10.1145/2656877.2656890},
 doi = {10.1145/2656877.2656890},
 acmid = {2656890},
 publisher = {ACM},
 address = {New York, NY, USA},
 keywords = {p4, protocol-independent, reconfigurability, sdn},
}

@inproceedings{rmt,
 author = {Bosshart, Pat and Gibb, Glen and Kim, Hun-Seok and Varghese, George and McKeown, Nick and Izzard, Martin and Mujica, Fernando and Horowitz, Mark},
 title = {Forwarding {M}etamorphosis: {F}ast {P}rogrammable {M}atch-action {P}rocessing in {H}ardware for {SDN}},
 booktitle = {SIGCOMM},
 year = {2013},
} 

@inproceedings{conga,
 author = {Alizadeh, Mohammad and Edsall, Tom and Dharmapurikar, Sarang and Vaidyanathan, Ramanan and Chu, Kevin and Fingerhut, Andy and Lam, Vinh The and Matus, Francis and Pan, Rong and Yadav, Navindra and Varghese, George},
 title = {{CONGA}: {D}istributed {C}ongestion-aware {L}oad {B}alancing for {D}atacenters},
 booktitle = {SIGCOMM},
 year = {2014},
}

@inproceedings{rcp,
  title="{Making Large Scale Deployment of RCP Practical for Real Networks}",
  author={Tai, C.H. and Zhu, J. and Dukkipati, N.},
  booktitle={INFOCOM},
  year={2008},
}

@article{codel,
 author = {Nichols, Kathleen and Jacobson, Van},
 title = "{Controlling Queue Delay}",
 journal = {ACM Queue},
 volume = {10},
 number = {5},
 month = may,
 year = {2012},
}

@article{pdq,
     author = {Hong, Chi-Yao and Caesar, Matthew and Godfrey, P. Brighten},
     title = {Finishing flows quickly with preemptive scheduling},
     booktitle = {SIGCOMM},
     year = {2012},
}

@article{bitmap_george,
 author = {Estan, Cristian and Varghese, George and Fisk, Michael},
 title = {Bitmap Algorithms for Counting Active Flows on High-speed Links},
 journal = {IEEE/ACM Trans. Netw.},
 issue_date = {October 2006},
 volume = {14},
 number = {5},
 month = oct,
 year = {2006},
 issn = {1063-6692},
 pages = {925--937},
 numpages = {13},
 url = {http://dx.doi.org/10.1109/TNET.2006.882836},
 doi = {10.1109/TNET.2006.882836},
 acmid = {1217709},
 publisher = {IEEE Press},
 address = {Piscataway, NJ, USA},
 keywords = {counting distinct elements, traffic measurements},
}


@article{elephant_george,
 author = {Estan, Cristian and Varghese, George},
 title = {New Directions in Traffic Measurement and Accounting: Focusing on the Elephants, Ignoring the Mice},
 journal = {ACM Trans. Comput. Syst.},
 issue_date = {August 2003},
 volume = {21},
 number = {3},
 month = aug,
 year = {2003},
 issn = {0734-2071},
 pages = {270--313},
 numpages = {44},
 url = {http://doi.acm.org/10.1145/859716.859719},
 doi = {10.1145/859716.859719},
 acmid = {859719},
 publisher = {ACM},
 address = {New York, NY, USA},
 keywords = {Network traffic measurement, identifying large flows, on-line algorithms, scalability, usage based accounting},
}

@inproceedings {opensketch,
author = {Minlan Yu and Lavanya Jose and Rui Miao},
title = {Software Defined Traffic Measurement with OpenSketch},
booktitle = {Presented as part of the 10th USENIX Symposium on Networked Systems Design and Implementation (NSDI 13)},
year = {2013},
isbn = {978-1-931971-00-3},
address = {Lombard, IL},
pages = {29--42},
url = {https://www.usenix.org/conference/nsdi13/technical-sessions/presentation/yu},
publisher = {USENIX},
} 

@inproceedings{pyretic,
 author = {Monsanto, Christopher and Reich, Joshua and Foster, Nate and Rexford, Jennifer and Walker, David},
 title = {{C}omposing {S}oftware-defined {N}etworks},
 booktitle = {NSDI},
 year = {2013},
}

@inproceedings{frenetic,
 author = {Foster, Nate and Harrison, Rob and Freedman, Michael J. and Monsanto, Christopher and Rexford, Jennifer and Story, Alec and Walker, David},
 title = {{F}renetic: {A} {N}etwork {P}rogramming {L}anguage},
 booktitle = {ICFP},
 year = {2011},
}

@article{npu_survey,
    title={Understanding network processors},
      author={Shah, Niraj},
        year={2001}
}

@article{click,
 author = {Kohler, Eddie and Morris, Robert and Chen, Benjie and Jannotti, John and Kaashoek, M. Frans},
 title = {The {C}lick {M}odular {R}outer},
 journal = {ACM Trans. Comput. Syst.},
 issue_date = {Aug. 2000},
 volume = {18},
 number = {3},
 month = aug,
 year = {2000},
 issn = {0734-2071},
 pages = {263--297},
 numpages = {35},
 url = {http://doi.acm.org/10.1145/354871.354874},
 doi = {10.1145/354871.354874},
 acmid = {354874},
 publisher = {ACM},
 address = {New York, NY, USA},
 keywords = {component systems, routers, software router performance},
}

@inproceedings{sts,
 author = {Scott, Colin and Wundsam, Andreas and Raghavan, Barath and Panda, Aurojit and Or, Andrew and Lai, Jefferson and Huang, Eugene and Liu, Zhi and El-Hassany, Ahmed and Whitlock, Sam and Acharya, H.B. and Zarifis, Kyriakos and Shenker, Scott},
 title = {{T}roubleshooting {B}lackbox {SDN} {C}ontrol {S}oftware with {M}inimal {C}ausal {S}equences},
 booktitle = {SIGCOMM},
 year = {2014},
}

@inproceedings{b4,
 author = {Jain, Sushant and Kumar, Alok and Mandal, Subhasree and Ong, Joon and Poutievski, Leon and Singh, Arjun and Venkata, Subbaiah and Wanderer, Jim and Zhou, Junlan and Zhu, Min and Zolla, Jon and H\"{o}lzle, Urs and Stuart, Stephen and Vahdat, Amin},
 title = {{B4}: {E}xperience with a {G}lobally-deployed {S}oftware {D}efined {W}an},
 booktitle = {SIGCOMM},
 year = {2013},
}

@inproceedings{swan,
 author = {Hong, Chi-Yao and Kandula, Srikanth and Mahajan, Ratul and Zhang, Ming and Gill, Vijay and Nanduri, Mohan and Wattenhofer, Roger},
 title = {{A}chieving {H}igh {U}tilization with {S}oftware-driven {W}AN},
 booktitle = {SIGCOMM},
 year = {2013},
}

@inproceedings{dataplane-verification,
 author = {Dobrescu, Mihai and Argyraki, Katerina},
 title = {{S}oftware {D}ataplane {V}erification},
 booktitle = {NSDI},
 year = {2014},
}

@inproceedings{fastpass,
 author = {Perry, Jonathan and Ousterhout, Amy and Balakrishnan, Hari and Shah, Devavrat and Fugal, Hans},
 title = {{F}astpass: {A} {C}entralized ``{Z}ero-queue'' {D}atacenter {N}etwork},
 booktitle = {SIGCOMM},
 year = {2014},
}

@inproceedings{no-silve-bullet,
 author = {Sivaraman, Anirudh and Winstein, Keith and Subramanian, Suvinay and Balakrishnan, Hari},
 title = {{N}o {S}ilver {B}ullet: {E}xtending {SDN} to the {D}ata {P}lane},
 booktitle = {Proceedings of the Twelfth ACM Workshop on Hot Topics in Networks},
 series = {HotNets-XII},
 year = {2013},
}

@inproceedings{plug,
 author = {De Carli, Lorenzo and Pan, Yi and Kumar, Amit and Estan, Cristian and Sankaralingam, Karthikeyan},
 title = {PLUG: {F}lexible {L}ookup {M}odules for {R}apid {D}eployment of {N}ew {P}rotocols in {H}igh-speed {R}outers},
 booktitle = {SIGCOMM},
 year = {2009},
}

@INPROCEEDINGS{packetc,
author={Duncan, R. and Jungck, P.},
booktitle={11th IEEE International Conference on High Performance Computing and Communications},
title={packet{C} {L}anguage for {H}igh {P}erformance {P}acket {P}rocessing},
year={2009},
} 

@inproceedings{tpp,
 author = {Jeyakumar, Vimalkumar and Alizadeh, Mohammad and Geng, Yilong and Kim, Changhoon and Mazi\`{e}res, David},
 title = {{M}illions of {L}ittle {M}inions: {U}sing {P}ackets for {L}ow {L}atency {N}etwork {P}rogramming and {V}isibility},
 booktitle = {SIGCOMM},
 year = {2014},
}

@inproceedings{undefined_behavior,
 author = {Wang, Xi and Zeldovich, Nickolai and Kaashoek, M. Frans and Solar-Lezama, Armando},
 title = {{T}owards {O}ptimization-safe {S}ystems: {A}nalyzing the {I}mpact of {U}ndefined {B}ehavior},
 booktitle = {SOSP},
 year = {2013},
}

@article{openflow,
 author = {McKeown, Nick and Anderson, Tom and Balakrishnan, Hari and Parulkar, Guru and Peterson, Larry and Rexford, Jennifer and Shenker, Scott and Turner, Jonathan},
 title = {{O}pen{F}low: {E}nabling {I}nnovation in {C}ampus {N}etworks},
 journal = {SIGCOMM Comput. Commun. Rev.},
 issue_date = {April 2008},
 volume = {38},
 number = {2},
 month = mar,
 year = {2008},
 issn = {0146-4833},
 pages = {69--74},
 numpages = {6},
 url = {http://doi.acm.org/10.1145/1355734.1355746},
 doi = {10.1145/1355734.1355746},
 acmid = {1355746},
 publisher = {ACM},
 address = {New York, NY, USA},
 keywords = {ethernet switch, flow-based, virtualization},
}

@inproceedings{mininet,
 author = {Lantz, Bob and Heller, Brandon and McKeown, Nick},
 title = {A {N}etwork in a {L}aptop: {R}apid {P}rototyping for {S}oftware-defined {N}etworks},
 booktitle = {Proceedings of the 9th ACM SIGCOMM Workshop on Hot Topics in Networks},
 year = {2010},
}

@inproceedings{verif,
 author = {Guha, Arjun and Reitblatt, Mark and Foster, Nate},
 title = {{M}achine-verified Network Controllers},
 booktitle = {Proceedings of the 34th ACM SIGPLAN Conference on Programming Language Design and Implementation},
 series = {PLDI '13},
 year = {2013},
 isbn = {978-1-4503-2014-6},
 location = {Seattle, Washington, USA},
 pages = {483--494},
 numpages = {12},
 url = {http://doi.acm.org/10.1145/2491956.2462178},
 doi = {10.1145/2491956.2462178},
 acmid = {2462178},
 publisher = {ACM},
 address = {New York, NY, USA},
 keywords = {coq, domain-specific languages, formal verification, frenetic, netcore, openflow, software-defined networking},
}

@misc{cisco_nexus,
title = {Cisco Nexus Family - Cisco},
howpublished = "\url{http://www.cisco.com/c/en/us/products/switches/cisco_nexus_family.html}"
}

@misc{arista_7050,
title = {Arista - Arista 7050 Series},
howpublished = "\url{https://www.arista.com/en/products/7050-series}"
}

@misc{dell_force10,
title = {Dell Force10},
howpublished = "\url{http://www.force10networks.com/}"
}

@misc{simple_router.p4,
title = {simple\_router.p4},
howpublished = "\url{https://github.com/p4lang/p4factory/blob/master/targets/simple_router/p4src/simple_router.p4}"
}

@misc{trident,
title = {High {C}apacity {S}trata{XGS}\textregistered {T}rident {II} {E}thernet {S}witch {S}eries},
howpublished = "\url{http://www.broadcom.com/products/Switching/Data-Center/BCM56850-Series}"
}

@misc{xilinx,
title = {P4 for an FPGA target},
howpublished = "\url{http://schd.ws/hosted_files/p4workshop2015/33/GordonB-P4-Workshop-June-04-2015.pdf}"
}

@INPROCEEDINGS{pie, 
author={Rong Pan and Natarajan, P. and Piglione, C. and Prabhu, M.S. and Subramanian, V. and Baker, F. and VerSteeg, B.}, 
booktitle={High Performance Switching and Routing (HPSR), 2013 IEEE 14th International Conference on}, 
title={PIE: A lightweight control scheme to address the bufferbloat problem}, 
year={2013}, 
month={July}, 
pages={148-155}, 
keywords={Internet;jitter;packet switching;queueing theory;Internet;Linux testbed;PIE;average queueing latency;bufferbloat problem;intelligent queue management schemes;lightweight control scheme;proportional integral controller enhanced;quality of service;Delays;Estimation;Internet;Jitter;Linux;Probability;Throughput;Active Queue Management (AQM);Explicit Congestion Notification (ECN);Quality of Service (QoS);bufferbloat}, 
doi={10.1109/HPSR.2013.6602305}, 
ISSN={2325-5552},}

@misc{netronome,
title = {Netronome showcases next-gen intelligent server adapter delivering 20x ovs performance at open networking summit 2015},
howpublished = "\url{https://netronome.com/netronome-showcases-next-gen-intelligent-server-adapter\\-delivering-20x-ovs-performance-at-open-networking\\-summit-2015/}"
}

@misc{cestan,
title = {Data plane algorithms in routers: from prefix lookup to deep packet inspection
},
howpublished = "\url{http://pages.cs.wisc.edu/~estan/publications/dataplane.ppt}"
}

@misc{qdisc,
title = {{C}omponents of {L}inux {T}raffic {C}ontrol},
howpublished = "\url{http://tldp.org/HOWTO/Traffic-Control-HOWTO/components.html}"
}

@misc{virtex7,
title = {{V}irtex-7 {FPGA} {F}amily},
howpublished = "\url{http://www.xilinx.com/products/silicon-devices/fpga/virtex-7.html}"
}

@misc{ipp,
title = {{I}ntel {I}ntegrated {P}erformance {P}rimitives ({I}ntel {IPP}) | {I}ntel {D}eveloper {Z}one},
howpublished = "\url{https://software.intel.com/en-us/intel-ipp}"
}

@misc{intrinsics,
title = {{T}arget {B}uiltins - {U}sing the {GNU} {C}ompiler {C}ollection ({GCC})},
howpublished = "\url{https://gcc.gnu.org/onlinedocs/gcc/Target-Builtins.html}"
}

@misc{mellanox,
title = {Mellanox {P}roducts: {S}witch{X}-2 {E}thernet {O}ptimized for {SDN}},
howpublished = "\url{http://www.mellanox.com/page/products_dyn?product_family=146&mtag=switchx_2_en}"
}

@misc{tomahawk,
title = {High-Density 25/100 Gigabit Ethernet StrataXGS Tomahawk Ethernet Switch Series},
howpublished = "\url{http://www.broadcom.com/products/Switching/Data-Center/BCM56960-Series}"
}

@misc{intel_multicore,
title = {Design Patterns for Packet Processing Applications on Multi-core Intel Architecture Processors },
howpublished = "\url{http://www.intel.com/content/dam/www/public/us/en/documents/white-papers/ia-multicore-packet-processing-paper.pdf}"
}

@misc{intel_ixa,
  title = {Intel Internet Exchange Architecture},
  howpublished = "\url{http://www.intel.com/design/network/papers/intelixa.pdf}"
}

@misc{microenginec,
  title = {Intel Enhances Network Processor Family with New Software Tools and Expanded Performance},
  howpublished = "\url{http://www.intel.com/pressroom/archive/releases/2001/20010220net.htm}"
}

@inproceedings{intel_uiuc_pldi,
 author = {Dai, Jinquan and Huang, Bo and Li, Long and Harrison, Luddy},
 title = {Automatically Partitioning Packet Processing Applications for Pipelined Architectures},
 booktitle = {Proceedings of the 2005 ACM SIGPLAN Conference on Programming Language Design and Implementation},
 series = {PLDI '05},
 year = {2005},
 isbn = {1-59593-056-6},
 location = {Chicago, IL, USA},
 pages = {237--248},
 numpages = {12},
 url = {http://doi.acm.org/10.1145/1065010.1065039},
 doi = {10.1145/1065010.1065039},
 acmid = {1065039},
 publisher = {ACM},
 address = {New York, NY, USA},
 keywords = {live-set transmission, network processor, packet processing, parallel, pipelining transformation, program partition},
}

@misc{p4spec,
title = {P4 {S}pecification},
howpublished = "\url{http://p4.org/spec/p4-latest.pdf}"
}

@misc{p4org,
title = {P4.org},
howpublished = "\url{http://p4.org/}"
}

@misc{oftest,
title = {OFTest},
howpublished = "\url{http://www.openflowhub.org/display/OFTest/OFTest+--+Validating+OpenFlow+Swtiches}"
}

@misc{martian,
title = {{M}artian {A}ddress {F}iltering},
howpublished = "\url{http://tools.ietf.org/html/rfc1812#section-5.3.7}"
}

@misc{xpliant,
title = {{XP}liant\texttrademark {E}thernet {S}witch {P}roduct {F}amily},
howpublished = "\url{http://www.cavium.com/XPliant-Ethernet-Switch-Product-Family.html}"
}

@misc{flexpipe,
title = {Intel {F}lex{P}ipe},
howpublished = "\url{http://www.intel.com/content/dam/www/public/us/en/documents/product-briefs/ethernet-switch-fm6000-series-brief.pdf}"
}

@misc{VXLAN,
title = {Virtual e{X}tensible {L}ocal {A}rea {N}etwork ({VXLAN}): A {F}ramework for {O}verlaying {V}irtualized {L}ayer 2 {N}etworks over {L}ayer 3 {N}etworks},
howpublished = "\url{https://tools.ietf.org/html/rfc7348}"
}

@misc{ocp,
title={Networking/{SpecsAndDesigns}},
howpublished = "\url{http://www.opencompute.org/wiki/Networking/SpecsAndDesigns#Switch_Abstraction_Interface}"
}

@misc{sai,
title={Switch {A}bstraction {I}nterface {S}pecification v0.9},
howpublished = "\url{http://files.opencompute.org/oc/public.php?service=files&t=24b68e105629caf910d9b3f2834d7e6a&download}"
}

@misc{thrift,
title={Apache {T}hrift - {H}ome},
howpublished = "\url{https://thrift.apache.org/}"
}

@inproceedings {nod,
author = {Nuno P. Lopes and Nikolaj Bj{\o}rner and Patrice Godefroid and Karthick Jayaraman and George Varghese},
title = {Checking Beliefs in Dynamic Networks},
booktitle = {12th USENIX Symposium on Networked Systems Design and Implementation (NSDI 15)},
year = {2015},
month = May,
address = {Oakland, CA},
url = {https://www.usenix.org/conference/nsdi15/technical-sessions/presentation/lopes},
publisher = {USENIX Association},
}

@inproceedings {lavanya_compiler,
author = {Lavanya Jose and Lisa Yan and George Varghese and Nick McKeown},
title = {Compiling {P}acket {P}rograms to {R}econfigurable {S}witches},
booktitle = {NSDI},
year = {2015},
}

@misc{jrex,
title = "ONS2014-Plenary-JenRexford",
howpublished = "\url{https://vimeo.com/88822278}"
}

@misc{feamster,
title = "Programmable Packet Processing: P4 and POF",
howpublished = "\url{https://www.youtube.com/watch?v=KQ3nSqV9iw8&feature=autoshare}"
}

@INPROCEEDINGS{fwdprog,
author={Jingzhou Yu and Xiaozhong Wang and Jian Song and Yuanming Zheng and Haoyu Song},
booktitle={Network Protocols (ICNP), 2014 IEEE 22nd International Conference on},
title={Forwarding Programming in Protocol-Oblivious Instruction Set},
year={2014},
month={Oct},
pages={577-582},
keywords={instruction sets;protocols;software defined networking;POF flow instruction set;flexible network elements;forwarding programming;hard coded protocol parsing;packet processing;protocol oblivious instruction set;Graphical user interfaces;High level languages;Optical fibers;Process control;Programming;Protocols;FIS;OpenFlow;POF;{SDN}},
doi={10.1109/ICNP.2014.92},}

@inproceedings{cole,
 author = {Schlesinger, Cole and Greenberg, Michael and Walker, David},
 title = {Concurrent NetCore: From Policies to Pipelines},
 booktitle = {Proceedings of the 19th ACM SIGPLAN International Conference on Functional Programming},
 series = {ICFP '14},
 year = {2014},
 isbn = {978-1-4503-2873-9},
 location = {Gothenburg, Sweden},
 pages = {11--24},
 numpages = {14},
 url = {http://doi.acm.org/10.1145/2628136.2628157},
 doi = {10.1145/2628136.2628157},
 acmid = {2628157},
 publisher = {ACM},
 address = {New York, NY, USA},
 keywords = {frenetic, network programming languages, openflow, software-defined networking},
}

@inproceedings{minlan,
 author = {Moshref, Masoud and Bhargava, Apoorv and Gupta, Adhip and Yu, Minlan and Govindan, Ramesh},
 title = {Flow-level State Transition As a New Switch Primitive for {SDN}},
 booktitle = {Proceedings of the 2014 ACM Conference on SIGCOMM},
 series = {SIGCOMM '14},
 year = {2014},
 isbn = {978-1-4503-2836-4},
 location = {Chicago, Illinois, USA},
 pages = {377--378},
 numpages = {2},
 url = {http://doi.acm.org/10.1145/2619239.2631439},
 doi = {10.1145/2619239.2631439},
 acmid = {2631439},
 publisher = {ACM},
 address = {New York, NY, USA},
 keywords = {software-defined network, state machine},
} 

@misc{veth,
title = "Virtual {E}thernet {I}nterfaces",
howpublished = "\url{http://openvz.org/Virtual_Ethernet_device}"
}

@misc{ecmp,
title = "Analysis of an {E}qual-{C}ost {M}ulti-{P}ath {A}lgorithm",
howpublished = "\url{https://tools.ietf.org/html/rfc2992}"
}

@inproceedings{xcp,
  title = "{Congestion Control for High Bandwidth-Delay Product Networks}",
  author = "Dina Katabi and Mark Handley and Chalrie Rohrs",
  booktitle = {SIGCOMM},
  year = 2002,
}


@misc{doppler,
title = "Cisco highlights next big switch",
howpublished = "\url{http://www.biztechafrica.com/article/cisco-announces-next-big-switch/5448/#.VP4mCYWltVZ}"
}

@article{e2e,
 author = {Saltzer, J. H. and Reed, D. P. and Clark, D. D.},
 title = {End-to-end {A}rguments in {S}ystem {D}esign},
 journal = {ACM Trans. Comput. Syst.},
 issue_date = {Nov. 1984},
 volume = {2},
 number = {4},
 month = nov,
 year = {1984},
 issn = {0734-2071},
 pages = {277--288},
 numpages = {12},
 url = {http://doi.acm.org/10.1145/357401.357402},
 doi = {10.1145/357401.357402},
 acmid = {357402},
 publisher = {ACM},
 address = {New York, NY, USA},
 keywords = {data communication, design principles, protocol design},
} 

@misc{erspan,
title = "Configuring {ERSPAN}",
howpublished = "\url{http://www.cisco.com/c/en/us/td/docs/ios-xml/ios/lanswitch/configuration/xe-3s/lanswitch-xe-3s-book/lnsw-conf-erspan.html}"
}

@misc{nvgre,
title = "Network {V}irtualization using {G}eneric {R}outing {E}ncapsulation",
howpublished = "\url{https://msdn.microsoft.com/en-us/library/windows/hardware/dn144775%28v=vs.85%29.aspx}"
}

@inproceedings{clark,
 author = {Clark, D.},
 title = {The {D}esign {P}hilosophy of the {DARPA} {I}nternet {P}rotocols},
 booktitle = {SIGCOMM},
 year = {1988},
}

@inproceedings{pof,
 author = {Song, Haoyu},
 title = {Protocol-oblivious {F}orwarding: {U}nleash the {P}ower of {SDN} {T}hrough a {F}uture-proof {F}orwarding {P}lane},
 booktitle = {HotSDN},
 year = {2013},
}

@misc{arista,
title = {The {A}rista 7124 {FX} as a {H}igh {P}erformance {T}rade {E}xecution {P}latform},
howpublished = "\url{http://www.argondesign.com/media/uploads/files/P8006-R-001d_The_Arista_FX_Switch_as_an_Execution_Platform.pdf}"
}

@misc{ixp4xx,
title = {{IXP4XX} {P}roduct {L}ine of {N}etwork {P}rocessors},
howpublished = "\url{http://www.intel.com/content/www/us/en/intelligent-systems/previous-generation/intel-ixp4xx-intel-network-processor-product-line.html}"
}

@misc{closures,
title = {Closure (computer programming)},
howpublished = "\url{http://en.wikipedia.org/wiki/Closure_%28computer_programming%29}"
}

@misc{packetin,
title = {{S}DN / {O}pen{F}low / {M}essage {L}ayer / {P}acketIn / {F}lowgrammable},
howpublished = "\url{http://flowgrammable.org/sdn/openflow/message-layer/packetin/}"
}

@misc{pagefault,
title = {{U}nderstanding {O}penFlow: {P}acket-{I}n is a {P}age {F}ault},
howpublished = "\url{http://www.projectfloodlight.org/blog/2012/02/27/packet-in-is-a-page-fault/}"
}

@misc{vswitch,
title = {Open v{S}witch},
howpublished = "\url{http://openvswitch.org/}" 
}

@misc{pofsite,
title = {{POF}orwarding},
howpublished = "\url{http://www.poforwarding.org/}"
}

@inproceedings{pfabric,
 author = {Alizadeh, Mohammad and Yang, Shuang and Sharif, Milad and Katti, Sachin and McKeown, Nick and Prabhakar, Balaji and Shenker, Scott},
 title = {p{F}abric: {M}inimal {N}ear-optimal {D}atacenter {T}ransport},
 booktitle = {SIGCOMM},
 year = {2013},
}

@inproceedings {pias,
author = {Wei Bai and Kai Chen and Hao Wang and Li Chen and Dongsu Han and Chen Tian},
title = {{I}nformation-{A}gnostic {F}low {S}cheduling for {C}ommodity {D}ata {C}enters},
booktitle = {NSDI},
year = {2015},
}

@inproceedings {qjump,
author = {Matthew P. Grosvenor and Malte Schwarzkopf and Ionel Gog and Robert N. M. Watson and Andrew W. Moore and Steven Hand and Jon Crowcroft},
title = {{Q}ueues {D}on{\textquoteright}t {M}atter {W}hen {Y}ou {C}an {JUMP} {T}hem!},
booktitle = {NSDI},
year = {2015},
} 

@inproceedings{detail,
 author = {Zats, David and Das, Tathagata and Mohan, Prashanth and Borthakur, Dhruba and Katz, Randy},
 title = {DeTail: Reducing the Flow Completion Time Tail in Datacenter Networks},
 booktitle = {SIGCOMM},
 year = {2012},
} 

@inproceedings{d3,
 author = {Wilson, Christo and Ballani, Hitesh and Karagiannis, Thomas and Rowtron, Ant},
 title = {Better Never Than Late: Meeting Deadlines in Datacenter Networks},
 booktitle = {SIGCOMM},
 year = {2011},
} 

@inproceedings{flowlets,
   author =       "Shan Sinha and Srikanth Kandula and Dina Katabi",
   title =        "{Harnessing TCPs Burstiness using Flowlet Switching}",
   booktitle =    {3rd ACM SIGCOMM Workshop on Hot Topics in Networks (HotNets)},
   year =         {2004},
   month =        {November},
   address =      {San Diego, CA}
}
% http://perso.ens-lyon.fr/christophe.alias/M2/HPL-91-58.pdf
% http://dl.acm.org/citation.cfm?id=567085

@inproceedings{if_conversion,
 author = {Allen, J. R. and Kennedy, Ken and Porterfield, Carrie and Warren, Joe},
 title = {Conversion of Control Dependence to Data Dependence},
 booktitle = {Proceedings of the 10th ACM SIGACT-SIGPLAN Symposium on Principles of Programming Languages},
 series = {POPL '83},
 year = {1983},
 isbn = {0-89791-090-7},
 location = {Austin, Texas},
 pages = {177--189},
 numpages = {13},
 url = {http://doi.acm.org/10.1145/567067.567085},
 doi = {10.1145/567067.567085},
 acmid = {567085},
 publisher = {ACM},
 address = {New York, NY, USA},
}

@inproceedings{chisel,
 author = {Misailovic, Sasa and Carbin, Michael and Achour, Sara and Qi, Zichao and Rinard, Martin C.},
 title = {Chisel: Reliability- and Accuracy-aware Optimization of Approximate Computational Kernels},
 booktitle = {Proceedings of the 2014 ACM International Conference on Object Oriented Programming Systems Languages \&\#38; Applications},
 year = {2014},
 pages = {309--328}
}

@inproceedings{sampsonApprox,
 author = {Ringenburg, Michael and Sampson, Adrian and Ackerman, Isaac and Ceze, Luis and Grossman, Dan},
 title = {Monitoring and Debugging the Quality of Results in Approximate Programs},
 booktitle = {Proceedings of the Twentieth International Conference on Architectural Support for Programming Languages and Operating Systems},
 series = {ASPLOS '15},
 year = {2015},
 pages = {399--411}
} 
% https://embedded.communities.intel.com/community/en/hardware/blog/2013/06/03/roving-reporter-reference-platforms-for-sdn-and-nfv
% http://www.cavium.com/newsevents-Cavium-and-XPliant-Introduce-a-Fully-Programmable-Switch-Silicon-Family.html
% http://www.prnewswire.com/news-releases/caviums-xpliant-ethernet-switch-supports-the-emerging-open-ecosystems-300048022.html
% https://www.sdxcentral.com/articles/news/cavium-reveals-xpliant-programmable-switch-chip/2014/09/

@inproceedings{nova,
   author = {George, Lal and Blume, Matthias},
    title = {Taming the IXP Network Processor},
     booktitle = {Proceedings of the ACM SIGPLAN 2003 Conference on Programming Language Design and Implementation},
      series = {PLDI '03},
       year = {2003},
        isbn = {1-58113-662-5},
         location = {San Diego, California, USA},
          pages = {26--37},
           numpages = {12},
            url = {http://doi.acm.org/10.1145/781131.781135},
             doi = {10.1145/781131.781135},
              acmid = {781135},
               publisher = {ACM},
                address = {New York, NY, USA},
                 keywords = {Intel IXA, bank assignment, code generation, integer linear programming, network processors, programming languages, register allocation},
} 

@misc{ixp2800,
  title = {Intel IXP2800 Network Processor},
  howpublished =  "\url{http://www.ic72.com/pdf_file/i/587106.pdf}",
}

@book{db_trans,
   author = {Bernstein, Philip and Newcomer, Eric},
    title = {Principles of Transaction Processing: For the Systems Professional},
     year = {1997},
      isbn = {1-55860-415-4},
       publisher = {Morgan Kaufmann Publishers Inc.},
        address = {San Francisco, CA, USA},
} 

@INPROCEEDINGS{bloom,
      author = {Andrei Broder and Michael Mitzenmacher and Andrei Broder I Michael Mitzenmacher},
          title = {Network Applications of Bloom Filters: A Survey},
              booktitle = {Internet Mathematics},
                  year = {2002},
                      pages = {636--646}
}

@inproceedings{google,
   author = {Singh, Arjun and Ong, Joon and Agarwal, Amit and Anderson, Glen and Armistead, Ashby and Bannon, Roy and Boving, Seb and Desai, Gaurav and Felderman, Bob and Germano, Paulie and Kanagala, Anand and Provost, Jeff and Simmons, Jason and Tanda, Eiichi and Wanderer, Jim and H\"{o}lzle, Urs and Stuart, Stephen and Vahdat, Amin},
    title = {Jupiter Rising: A Decade of Clos Topologies and Centralized Control in Google's Datacenter Network},
     booktitle = {Proceedings of the 2015 ACM Conference on Special Interest Group on Data Communication},
      series = {SIGCOMM '15},
       year = {2015},
        isbn = {978-1-4503-3542-3},
         location = {London, United Kingdom},
          pages = {183--197},
           numpages = {15},
            url = {http://doi.acm.org/10.1145/2785956.2787508},
             doi = {10.1145/2785956.2787508},
              acmid = {2787508},
               publisher = {ACM},
                address = {New York, NY, USA},
                 keywords = {centralized control and management, clos topology, datacenter networks, merchant silicon},
}


@inproceedings{facebook,
   author = {Roy, Arjun and Zeng, Hongyi and Bagga, Jasmeet and Porter, George and Snoeren, Alex C.},
    title = {Inside the Social Network's (Datacenter) Network},
     booktitle = {Proceedings of the 2015 ACM Conference on Special Interest Group on Data Communication},
      series = {SIGCOMM '15},
       year = {2015},
        isbn = {978-1-4503-3542-3},
         location = {London, United Kingdom},
          pages = {123--137},
           numpages = {15},
            url = {http://doi.acm.org/10.1145/2785956.2787472},
             doi = {10.1145/2785956.2787472},
              acmid = {2787472},
               publisher = {ACM},
                address = {New York, NY, USA},
                 keywords = {datacenter traffic patterns},
}

@misc{p4-semantics,
  title = {p4-semantics github repository},
  howpublished = "\url{https://github.com/anirudhSK/p4-semantics}",
}

@inproceedings{chlorophyll,
 author = {Phothilimthana, Phitchaya Mangpo and Jelvis, Tikhon and Shah, Rohin and Totla, Nishant and Chasins, Sarah and Bodik, Rastislav},
 title = {Chlorophyll: Synthesis-aided Compiler for Low-power Spatial Architectures},
 booktitle = {PLDI},
 year = {2014},
 pages = {396--407}
} 

@inproceedings{netasm,
 author = {Shahbaz, Muhammad and Feamster, Nick},
 title = {The Case for an Intermediate Representation for Programmable Data Planes},
 booktitle = {SOSR},
 year = {2015},
 pages = {3:1--3:6}
} 

@article{ssa,
 author = {Cytron, Ron and Ferrante, Jeanne and Rosen, Barry K. and Wegman, Mark N. and Zadeck, F. Kenneth},
 title = {Efficiently Computing Static Single Assignment Form and the Control Dependence Graph},
 journal = {ACM Transactions on Programming Language Systems},
 volume = {13},
 number = {4},
 year = {1991},
 pages = {451--490}
} 

@inproceedings{necula_translation_validation,
   author = {Necula, George C.},
    title = {Translation Validation for an Optimizing Compiler},
     booktitle = {Proceedings of the ACM SIGPLAN 2000 Conference on Programming Language Design and Implementation},
      series = {PLDI '00},
       year = {2000},
        isbn = {1-58113-199-2},
         location = {Vancouver, British Columbia, Canada},
          pages = {83--94},
           numpages = {12},
            url = {http://doi.acm.org/10.1145/349299.349314},
             doi = {10.1145/349299.349314},
              acmid = {349314},
               publisher = {ACM},
                address = {New York, NY, USA},
} 

@misc{tac,
  title = {Three-address code},
  howpublished = "\url{https://en.wikipedia.org/wiki/Three-address_code}",
}


@inproceedings{software_pipelining,
   author = {Lam, M.},
    title = {Software Pipelining: An Effective Scheduling Technique for VLIW Machines},
     booktitle = {Proceedings of the ACM SIGPLAN 1988 Conference on Programming Language Design and Implementation},
      series = {PLDI '88},
       year = {1988},
        isbn = {0-89791-269-1},
         location = {Atlanta, Georgia, USA},
          pages = {318--328},
           numpages = {11},
            url = {http://doi.acm.org/10.1145/53990.54022},
             doi = {10.1145/53990.54022},
              acmid = {54022},
               publisher = {ACM},
                address = {New York, NY, USA},
}

@misc{nick_p4,
  title = {Protocol-Independent Switch Architecture},
  howpublished ="\url{http://schd.ws/hosted_files/p4workshop2015/c9/NickM-P4-Workshop-June-04-2015.pdf}",
}

@inproceedings{cash,
    author = {Budiu, Mihai and Goldstein, Seth Copen},
      title = {Compiling Application-Specific Hardware},
        booktitle = {Proceedings of the 12th International Conference on
               Field Programmable Logic and Applications},
          year = {2002},
            address = {Montpellier (La Grande-Motte), France},
              month = {September},
                pages = {853--863},
                  url = {http://www.cs.cmu.edu/~seth/papers/budiu-fpl02.pdf},
                    abstract = {In this paper we describe ASH, an architectural
                           framework for implementing Application-Specific Hardware. ASH is
                                  based on automatic hardware synthesis from high-level languages.
                                       The generated circuits use only localized computation structures;
                                in consequence, we expect these circuits to be fast, to use
                                       little power and to scale well with program complexity. \par We
                                            present in detail CASH, a scalable compiler framework for ASH,
                                                         which generates hardware from programs written in C. Our compiler
                                                                exploits instruction level parallelism by using aggressive
                                                                     speculation and dynamic scheduling. Based on this compilation
                                                                          scheme, we evaluate the computational resources necessary for
                                                                               implementing complex integer-based programs, and we suggest
                                                                                    architectural features that would support the ASH framework.},
                      keywords = {Spatial Computing,Phoenix,Compilers:CASH}
}

@ARTICLE{nurvadathi, 
  author={Nurvitadhi, E. and Hoe, J.C. and Kam, T. and Lu, S.L.}, 
  journal={Computer-Aided Design of Integrated Circuits and Systems, IEEE Transactions on}, 
  title={Automatic Pipelining From Transactional Datapath Specifications}, 
  year={2011}, 
  volume={30}, 
  number={3}, 
  pages={441-454}, 
  keywords={electronic design automation;instruction sets;integrated circuit design;microprocessor chips;pipeline processing;RAW hazard analysis;T-piper tool;automatic pipelining;instruction set computing processor pipeline;read-after-write hazard analysis;single T-spec;transactional datapath specifications;user-specified pipeline-stage boundaries;Hazards;Multiplexing;Pipeline processing;Pipelines;Reduced instruction set computing;Semantics;Signal resolution;Automatic pipelining;datapath specification;design space exploration;hardware synthesis;x86 pipelines}, 
  doi={10.1109/TCAD.2010.2088950}, 
  ISSN={0278-0070}, 
  month={March},}

@INPROCEEDINGS{bluespec,
  author={Nikhil, Rishiyur},
  booktitle={Formal Methods and Models for Co-Design, 2004. MEMOCODE '04. Proceedings. Second ACM and IEEE International Conference on},
  title={Bluespec System Verilog: efficient, correct RTL from high level specifications},
  year={2004},
  pages={69-70},
  keywords={application specific integrated circuits;field programmable gate arrays;formal specification;hardware description languages;high level synthesis;integrated circuit design;logic CAD;ASIC design;Bluespec System Verilog;FPGA design;RTL;high level specifications;high-level synthesis;Application specific integrated circuits;Atomic measurements;Field programmable gate arrays;Flow graphs;Hardware;High level synthesis;Logic design;Predictive models;Productivity;Scheduling},
  doi={10.1109/MEMCOD.2004.1459818},
  month={June},}

  @misc{x86_manual,
    title = {Intel 64 and IA-32 Architectures Software Developer’s Manual},
    howpublished = "\url{http://www.intel.com/content/dam/www/public/us/en/documents/manuals/64-ia-32-architectures-software-developer-instruction-set-reference-manual-325383.pdf}",
  }

@misc{clang,
  title = {clang: a C language family frontend for LLVM},
  howpublished = "\url{http://clang.llvm.org/}",
}

@misc{libclang,
  title = {LibTooling},
  howpublished = "\url{http://clang.llvm.org/docs/LibTooling.html}",
}

@book{muchnik,
   author = {Muchnick, Steven S.},
    title = {Advanced Compiler Design and Implementation},
     year = {1997},
      isbn = {1-55860-320-4},
       publisher = {Morgan Kaufmann Publishers Inc.},
        address = {San Francisco, CA, USA},
} 


@inproceedings{crit_path_sched,
    title={Critical-path planning and scheduling},
    author={Kelley Jr, James E and Walker, Morgan R},
    booktitle={Papers presented at the December 1-3, 1959, eastern joint IRE-AIEE-ACM computer conference},
    pages={160--173},
    year={1959},
    organization={ACM}
}

@misc{sketch_manual,
  title = {The Sketch Programmers Manual},
  howpublished = "\url{http://people.csail.mit.edu/asolar/manual.pdf}",
}

@misc{lcc,
  title = {lcc, A Retargetable Compiler for ANSI C},
  howpublished = "\url{https://sites.google.com/site/lccretargetablecompiler/}",
}

@inproceedings{sketch_asplos,
   author = {Solar-Lezama, Armando and Tancau, Liviu and Bodik, Rastislav and Seshia, Sanjit and Saraswat, Vijay},
    title = {Combinatorial Sketching for Finite Programs},
     booktitle = {Proceedings of the 12th International Conference on Architectural Support for Programming Languages and Operating Systems},
      series = {ASPLOS XII},
       year = {2006},
        isbn = {1-59593-451-0},
         location = {San Jose, California, USA},
          pages = {404--415},
           numpages = {12},
            url = {http://doi.acm.org/10.1145/1168857.1168907},
             doi = {10.1145/1168857.1168907},
              acmid = {1168907},
               publisher = {ACM},
                address = {New York, NY, USA},
                 keywords = {SAT, sketching},
} 


@inproceedings{bitstreaming,
   author = {Solar-Lezama, Armando and Rabbah, Rodric and Bod\'{\i}k, Rastislav and Ebcio\u{g}lu, Kemal},
    title = {Programming by Sketching for Bit-streaming Programs},
     booktitle = {Proceedings of the 2005 ACM SIGPLAN Conference on Programming Language Design and Implementation},
      series = {PLDI '05},
       year = {2005},
        isbn = {1-59593-056-6},
         location = {Chicago, IL, USA},
          pages = {281--294},
           numpages = {14},
            url = {http://doi.acm.org/10.1145/1065010.1065045},
             doi = {10.1145/1065010.1065045},
              acmid = {1065045},
               publisher = {ACM},
                address = {New York, NY, USA},
                 keywords = {StreamIt, domain specific compiler, domain specific language, sketching, stream programming, synchronous dataflow},
} 


@misc{load_store,
  title={Load/store architecture},
  howpublished = "\url{https://en.wikipedia.org/wiki/Load/store_architecture}",
}


@inproceedings{sgsyn,
    title={Syntax-guided synthesis},
      author={Alur, Rajeev and Bodik, Rastislav and Juniwal, Garvit and Martin, Milo MK and Raghothaman, Mukund and Seshia, Sanjit and Singh, Rajdeep and Solar-Lezama, Armando and Torlak, Emina and Udupa, Abhishek and others},
        booktitle={Formal Methods in Computer-Aided Design (FMCAD), 2013},
          pages={1--8},
            year={2013},
              organization={IEEE}
}

@article{cormode,
   author = {Cormode, Graham and Muthukrishnan, S.},
    title = {An Improved Data Stream Summary: The Count-min Sketch and Its Applications},
     journal = {J. Algorithms},
      issue_date = {April 2005},
       volume = {55},
        number = {1},
         month = apr,
          year = {2005},
           issn = {0196-6774},
            pages = {58--75},
             numpages = {18},
              url = {http://dx.doi.org/10.1016/j.jalgor.2003.12.001},
               doi = {10.1016/j.jalgor.2003.12.001},
                acmid = {1073718},
                 publisher = {Academic Press, Inc.},
                  address = {Duluth, MN, USA},
} 

